<record><leader>00000cas a2200000 a 4500</leader><controlfield tag="001">18335437</controlfield><controlfield tag="008">880810d18661872tnuwr ne      0    0eng d</controlfield><datafield ind1=" " ind2=" " tag="010"><subfield code="a">sn 88084040 </subfield></datafield><datafield ind1=" " ind2=" " tag="040"><subfield code="a">PPM</subfield><subfield code="b">eng</subfield><subfield code="c">PPM</subfield><subfield code="d">KNP</subfield><subfield code="d">TGN</subfield><subfield code="d">OCL</subfield><subfield code="d">OCLCQ</subfield><subfield code="d">OCLCF</subfield><subfield code="d">OCLCO</subfield></datafield><datafield ind1=" " ind2=" " tag="042"><subfield code="a">msc</subfield></datafield><datafield ind1=" " ind2=" " tag="043"><subfield code="a">n-us-tn</subfield></datafield><datafield ind1="0" ind2=" " tag="130"><subfield code="a">Lincoln County news (Fayetteville, Tenn. : 1866)</subfield></datafield><datafield ind1="1" ind2="0" tag="245"><subfield code="a">Lincoln County news.</subfield></datafield><datafield ind1=" " ind2=" " tag="260"><subfield code="a">Fayetteville, Tenn. :</subfield><subfield code="b">M'Cord &amp; Hill,</subfield><subfield code="c">1866-</subfield></datafield><datafield ind1=" " ind2=" " tag="300"><subfield code="a">v.</subfield></datafield><datafield ind1=" " ind2=" " tag="310"><subfield code="a">Weekly</subfield></datafield><datafield ind1="0" ind2=" " tag="362"><subfield code="a">Vol. 1, no. 1 (Feb. 10, 1866)-</subfield></datafield><datafield ind1="1" ind2=" " tag="362"><subfield code="a">Ceased in 1872?</subfield></datafield><datafield ind1=" " ind2=" " tag="500"><subfield code="a">Publishers: M'Cord &amp; Hill, &lt;1866&gt;; E. &amp; J.B. Hill, &lt;1867&gt;-1869; Eben Hill, Jr., 1869-&lt;1870&gt;; Wm. P. Tolley, &lt;1871&gt;</subfield></datafield><datafield ind1=" " ind2=" " tag="500"><subfield code="a">Editors: F.O. M'Cord, &lt;1866&gt;; J.W. Newman, &lt;1867&gt;; Joe G. Carrigan, &lt;1867&gt;; Eben Hill, Jr., &lt;1869-1870&gt;; Wm. P. Tolley, &lt;1871&gt;</subfield></datafield><datafield ind1=" " ind2="0" tag="651"><subfield code="a">Fayetteville (Tenn.)</subfield><subfield code="v">Newspapers.</subfield></datafield><datafield ind1=" " ind2="0" tag="651"><subfield code="a">Lincoln County (Tenn.)</subfield><subfield code="v">Newspapers.</subfield></datafield><datafield ind1=" " ind2="7" tag="655"><subfield code="a">Newspapers.</subfield><subfield code="2">fast</subfield><subfield code="0">(OCoLC)fst01423814</subfield></datafield><datafield ind1=" " ind2="7" tag="651"><subfield code="a">Tennessee</subfield><subfield code="z">Fayetteville.</subfield><subfield code="2">fast</subfield><subfield code="0">(OCoLC)fst01224996</subfield></datafield><datafield ind1=" " ind2="7" tag="651"><subfield code="a">Tennessee</subfield><subfield code="z">Lincoln County.</subfield><subfield code="2">fast</subfield><subfield code="0">(OCoLC)fst01229893</subfield></datafield><datafield ind1=" " ind2=" " tag="752"><subfield code="a">United States</subfield><subfield code="b">Tennessee</subfield><subfield code="c">Lincoln</subfield><subfield code="d">Fayetteville.</subfield></datafield></record>